<?xml version="1.0" encoding="UTF-8"?><record xmlns="http://www.loc.gov/MARC21/slim" xmlns:cinclude="http://apache.org/cocoon/include/1.0" xmlns:zs="http://www.loc.gov/zing/srw/">
  <leader>00542cz  a2200133n  4500</leader>
  <controlfield tag="001">n  86808795 </controlfield>
  <controlfield tag="003">DLC</controlfield>
  <controlfield tag="005">19961217104700.4</controlfield>
  <controlfield tag="008">860221n| acannaab|          |n aaa |||  </controlfield>
  <datafield tag="010" ind1=" " ind2=" ">
    <subfield code="a">n  86808795 </subfield>
  </datafield>
  <datafield tag="040" ind1=" " ind2=" ">
    <subfield code="a">DLC</subfield>
    <subfield code="c">DLC</subfield>
    <subfield code="d">DLC</subfield>
  </datafield>
  <datafield tag="100" ind1="1" ind2="0">
    <subfield code="a">Weissberg, Roger P.,</subfield>
    <subfield code="d">1951-</subfield>
  </datafield>
  <datafield tag="670" ind1=" " ind2=" ">
    <subfield code="a">nuc86-15364: His The effects of social problem-solving ... 1980</subfield>
    <subfield code="b">(hdg. on NRU rept.: Weissberg, Roger P., 1951- ; usage: Roger P. Weissberg)</subfield>
  </datafield>
  <datafield tag="670" ind1=" " ind2=" ">
    <subfield code="a">Children and youth, c1997:</subfield>
    <subfield code="b">CIP t.p. (Roger P. Weissberg) pub. info. (Dept. of Psychology, Univ. of Ill. at Chicago)</subfield>
  </datafield>
</record>